<?xml version="1.0" encoding="UTF-8"?><collection xmlns="http://www.loc.gov/MARC21/slim"><record><leader>00534nam--2200157-i-4500</leader><controlfield tag="001">000047064</controlfield><controlfield tag="002">20161230</controlfield><controlfield tag="005">20161230201046</controlfield><controlfield tag="008">060222s1000------------r-----000-0-eng-d</controlfield><datafield ind1=" " ind2=" " tag="080"><subfield code="a">513.5/8(07)</subfield></datafield><datafield ind1=" " ind2=" " tag="100"><subfield code="a">Vranceanu, Gh</subfield></datafield><datafield ind1=" " ind2=" " tag="245"><subfield code="a">Lectii de geometrie diferentiala. tensori, forme pfaff, grupuri continue, invariatiuni si echivalenta, spatii cu conexiune afina, spatii rienann, spatii cu conexiune proiectiva</subfield></datafield><datafield ind1=" " ind2=" " tag="260"><subfield code="a">Bucuresti, Ed.Did.Si Ped.,1976</subfield></datafield><datafield ind1=" " ind2=" " tag="300"><subfield code="a">342 P</subfield></datafield><datafield ind1=" " ind2=" " tag="852"><subfield code="a">43637</subfield><subfield code="c">513</subfield></datafield><datafield ind1=" " ind2=" " tag="CAT"><subfield code="a">Sys</subfield><subfield code="c">20080528</subfield><subfield code="h">092209</subfield></datafield></record></collection>